@misc{РГБМ,
    title     = {Российская государственная библиотека для молодежи [Электронный ресурс]},
    howpublished = {URL: \url{https://rgub.ru/} (дата обращения 05.03.2025)},
}

@misc{МГТУ,
    title     = {Научно-техническая библиотека МГТУ им. Н.Э. Баумана [Электронный ресурс]},
    howpublished = {URL: \url{https://library.bmstu.ru/} (дата обращения 05.03.2025)},
}

@misc{Moscow,
    title     = {Библиотеки Москвы [Электронный ресурс]},
    howpublished = {URL: \url{https://www.mos.ru/knigi/} (дата обращения 05.03.2025)},
}

@article{ismail2019oracle,
  title={Oracle, MySQL, PostgreSQL, SQLite, SQL Server: Performance based competitive analysis},
  author={Ismail Hossain, M and Mahmud, S and Santa, TD},
  journal={Daffodil International University},
  year={2019}
}

@article{solarz2020oracle,
  title={Oracle 19c, SQL Server 2019, Postgresql 12 and MySQL 8 database systems comparison},
  author={Solarz, Arkadiusz and Szymczyk, Tomasz},
  journal={Journal of Computer Sciences Institute},
  volume={17},
  pages={373--378},
  year={2020}
}

@misc{Psql,
    title     = {PostgreSQL [Электронный ресурс]},
    howpublished = {URL: \url{https://www.postgresql.org/docs/} (дата обращения 19.03.2025)},
}

@misc{Oracle,
    title     = {Oracle DB [Электронный ресурс]},
    howpublished = {URL: \url{https://docs.oracle.com/en/database/oracle/oracle-database/} (дата обращения 19.03.2025)},
}

@misc{MySQL,
    title     = {MySQL [Электронный ресурс]},
    howpublished = {URL: \url{https://dev.mysql.com/doc/} (дата обращения 19.03.2025)},
}

@misc{MSSQL,
    title     = {Microsoft SQL Server [Электронный ресурс]},
    howpublished = {URL: \url{https://learn.microsoft.com/ru-ru/sql/?view=sql-server-ver17} (дата обращения 19.03.2025)},
}

@misc{Kotlin,
    title     = {Kotlin [Электронный ресурс]},
    howpublished = {URL: \url{https://kotlinlang.org/docs/home.html} (дата обращения 02.04.2025)},
}

@misc{Ktor,
    title     = {Ktor [Электронный ресурс]},
    howpublished = {URL: \url{https://ktor.io/docs/welcome.html} (дата обращения 02.04.2025)},
}

@misc{Compose,
    title     = {Compose [Электронный ресурс]},
    howpublished = {URL: \url{https://developer.android.com/develop/ui/compose/documentation?hl=ru} (дата обращения 02.04.2025)},
}

@misc{Exposed,
    title     = {Exposed [Электронный ресурс]},
    howpublished = {URL: \url{https://www.jetbrains.com/help/exposed/home.html} (дата обращения 02.04.2025)},
}

@misc{Android_stat,
	title     = {StatCounter Global Stats [Электронный ресурс]},
	howpublished = {URL: \url{https://gs.statcounter.com/os-market-share/mobile/worldwide} (дата обращения 03.04.2025)},
}

@incollection{MVVM,
	title={The model-view-viewmodel (mvvm) design pattern},
	author={Anderson, Chris},
	booktitle={Pro Business Applications with Silverlight 5},
	pages={461--499},
	year={2012},
	publisher={Springer}
}

@misc{Ubuntu,
	title     = {Ubuntu technical documentation for developers and IT pros [Электронный ресурс]},
	howpublished = {URL: \url{https://ubuntu.com/tutorials} (дата обращения 10.06.2025)},
}

@misc{AMD,
	title     = {AMD Ryzen 5 5500U Processor [Электронный ресурс]},
	howpublished = {URL: \url{https://www.amd.com/en/products/apu/amd-ryzen-5-5500u} (дата обращения 10.06.2025)},
}

@article{DB,
	title={Базы данных},
	author={Хомоненко, АД and Цыганков, ВМ and Мальцев, МГ},
	year={2009},
	publisher={Корона-Век}
}

@article{Data_model,
	title={Базы данных: проектирование},
	author={Стружкин, Николай Павлович and Годин, Владимир Викторович},
	year={2017},
	publisher={Общество с ограниченной ответственностью Издательство ЮРАЙТ}
}

@article{триггерная_функция,
	title={Организация хранения хронологических данных в базах данных систем мониторинга и прогнозирования},
	author={Фишер, Антон Владиславович and Дьяченко, Роман Александрович and Лоба, Инна Сергеевна},
	journal={Политематический сетевой электронный научный журнал Кубанского государственного аграрного университета},
	number={79},
	pages={271--280},
	year={2012},
	publisher={Федеральное государственное образовательное учреждение высшего образования~…}
}
